@misc{ac_ms2013,
  title = {Fraudulent digital certificates could allow spoofing},
  howpublished = {\url{https://technet.microsoft.com/en-us/library/ security/2798897.aspx}},
  note = {January, 2010}
}

@misc{dc_google2015,
  title = {Maintaining digital certificate security},
  howpublished = {\url{http://googleonlinesecurity.blogspot.sg/2015/03/maintaining-digital-certificate-security.html}},
  note = {March, 2015}
}

@article{Kim:2013up,
author = {Kim, Tiffany Hyun-Jin and Huang, Lin-Shung and Perrig, Adrian and Jackson, Collin and Gligor, Virgil D},
title = {{Accountable key infrastructure (AKI): a proposal for a public-key validation infrastructure.}},
journal = {WWW},
year = {2013},
pages = {679--690}
}

@misc{ct_google2013,
  title = {Certificate Transparency},
  howpublished = {\url{http://tools.ietf.org/html/rfc6962}},
  note = {June, 2013}
}

@book{Basin:2014bn,
author = {Basin, David and Cremers, Cas and Kim, Tiffany Hyun-Jin and Perrig, Adrian and Sasse, Ralf and Szalachowski, Pawel},
title = {{ARPKI: Attack Resilient Public-Key Infrastructure}},
publisher = {ACM},
year = {2014},
series = {Attack Resilient Public-Key Infrastructure},
address = {New York, New York, USA},
month = nov
}

@misc{cryptoeprint:2014:1004,
    author = {Marcela S. Melara and Aaron Blankstein and Joseph Bonneau and Edward W. Felten and Michael J. Freedman},
    title = {CONIKS: Bringing Key Transparency to End Users},
    howpublished = {Cryptology ePrint Archive, Report 2014/1004},
    year = {2014},
    note = {\url{http://eprint.iacr.org/}},
}

@misc{attack_bbt2013,
 title = {Terracoin attack over 1.2TH confirmed},
 howpublished = {\url{https://bitcointalk.org/index.php?topic=261986.0}},
 note = {July, 2013}
}

@misc{attack_cb2013,
  title = {Feathercoin hit by massive attack},
  howpublished = {\url{http://www.coindesk.com/feathercoin-hit-by-massive-attack/}},
  note = {June, 2013}
}

@inproceedings{Castro:1999:PBFT,
 author = {Castro, Miguel and Liskov, Barbara},
 title = {Practical Byzantine Fault Tolerance},
 year = {1999},
 isbn = {1-880446-39-1},
 pages = {173--186},
 numpages = {14},
 url = {http://dl.acm.org/citation.cfm?id=296806.296824},
 publisher = {USENIX Association},
} 

@misc{peer_isp2010,
  title = {},
  howpublished = {\url{http://drpeering.net/white-papers/Art-Of-Peering-The-Peering-Playbook.html}},
  author = {William B. Norton},
  note = {August, 2010}
}

@article{Fischer:1985,
 author = {Fischer, Michael J. and Lynch, Nancy A. and Paterson, Michael S.},
 title = {Impossibility of Distributed Consensus with One Faulty Process},
 journal = {J. ACM},
 volume = {32},
 year = {1985},
 pages = {374--382},
 numpages = {9},
 url = {http://doi.acm.org/10.1145/3149.214121}
}

@inproceedings{Ben-Or:1983:AFC:800221.806707,
 author = {Ben-Or, Michael},
 title = {Another Advantage of Free Choice (Extended Abstract): Completely Asynchronous Agreement Protocols},
 booktitle = {Proceedings of the Second Annual ACM Symposium on Principles of Distributed Computing},
 series = {PODC '83},
 year = {1983},
 isbn = {0-89791-110-5},
 location = {Montreal, Quebec, Canada},
 pages = {27--30},
 numpages = {4},
 url = {http://doi.acm.org/10.1145/800221.806707},
 doi = {10.1145/800221.806707},
 acmid = {806707},
 publisher = {ACM},
 address = {New York, NY, USA},
} 

@article{Bracha:1985:ACB:4221.214134,
 author = {Bracha, Gabriel and Toueg, Sam},
 title = {Asynchronous Consensus and Broadcast Protocols},
 journal = {J. ACM},
 issue_date = {Oct. 1985},
 volume = {32},
 number = {4},
 month = oct,
 year = {1985},
 issn = {0004-5411},
 pages = {824--840},
 numpages = {17},
 url = {http://doi.acm.org/10.1145/4221.214134},
 doi = {10.1145/4221.214134},
 acmid = {214134},
 publisher = {ACM},
 address = {New York, NY, USA},
} 

@article{Dwork:1988:CPP:42282.42283,
 author = {Dwork, Cynthia and Lynch, Nancy and Stockmeyer, Larry},
 title = {Consensus in the Presence of Partial Synchrony},
 journal = {J. ACM},
 issue_date = {April 1988},
 volume = {35},
 number = {2},
 month = apr,
 year = {1988},
 issn = {0004-5411},
 pages = {288--323},
 numpages = {36},
 url = {http://doi.acm.org/10.1145/42282.42283},
 doi = {10.1145/42282.42283},
 acmid = {42283},
 publisher = {ACM},
 address = {New York, NY, USA},
} 